@article{BS22,
  author    = {Buhler, J. and Wagon, S.},
  title     = {Basic algorithms in number theory},
  journal   = {Algorithmic Number Theory},
  year      = {2008},
  note      = {https://pub.math.leidenuniv.nl/ \~stevenhagenp/ANTproc/02buhler.pdf. Accessed: 2024-11-02},
  volume    = {44},
  publisher = {MSRI Publications}
}

@misc{GS24,
  author       = {Yinyu Y. and Karisch, S.},
  title        = {Gset: A Collection of Graphs for Benchmarking},
  howpublished = {Stanford University},
  year         = {n.d.},
  note         = {https://web.stanford.edu/~yyye/yyye/Gset/. Accessed: 2024-11-02}
}

@article{ME19,
  author  = {Matsuda, Y.},
  title   = {Benchmarking the MAX-CUT problem on the Simulated Bifurcation Machine},
  journal = {Toshiba SBM, Medium},
  year    = {2019},
  month   = {September},
  day     = {30},
  note    = {https://medium.com/toshiba-sbm/benchmarking-the-max-cut-problem-on-the-simulated-bifurcation-machine-e26e1127c0b0. Accessed: 2024-11-02}
}

@article{NP15,
  author = {Nogueira, Paulo Eduardo and Matias Jr, Rivalino},
  year   = {2015},
  month  = {12},
  title  = {A Quantitative Study on Execution Time Variability in Computing Experiments},
  doi    = {10.1109/WSC.2015.7408193}
}

@article{SC03,
  title     = {Maximum cuts and judicious partitions in graphs without short cycles},
  author    = {Alon, Noga and Bollob{\'a}s, B{\'e}la and Krivelevich, Michael and Sudakov, Benny},
  journal   = {Journal of Combinatorial Theory, Series B},
  volume    = {88},
  number    = {2},
  pages     = {329--346},
  year      = {2003},
  publisher = {Elsevier}
}

@article{SS19,
  author = {Singhal, Shubhendra and Gupta, Sandeep and Nuzzo, Pierluigi},
  year   = {2019},
  month  = {09},
  title  = {Profiling minisat based on user defined execution time -- GPROF},
  doi    = {10.48550/arXiv.1909.13058}
}

@article{SS23,
  author  = {Steinerberger, Stefan},
  title   = {Max-Cut via Kuramoto-Type Oscillators},
  journal = {SIAM Journal on Applied Dynamical Systems},
  volume  = {22},
  number  = {2},
  pages   = {730-743},
  year    = {2023},
  doi     = {https://doi.org/10.1137/21M1432211}
}

@article{WANG10,
  title   = {Maximum cut in fuzzy nature: Models and algorithms},
  journal = {Journal of Computational and Applied Mathematics},
  volume  = {234},
  number  = {1},
  pages   = {240-252},
  year    = {2010},
  issn    = {0377-0427},
  doi     = {https://doi.org/10.1016/j.cam.2009.12.022},
  author  = {Rui-Sheng Wang and Li-Min Wang}
}

@misc{WANG23,
  title         = {More on greedy construction heuristics for the MAX-CUT problem},
  author        = {Jianan Wang and Chuixiong Wu and Fen Zuo},
  year          = {2023},
  eprint        = {2312.10895},
  archiveprefix = {arXiv},
  primaryclass  = {quant-ph}
}

@misc{WP24,
  author       = {{Wikipedia contributors}},
  title        = {Maximum cut --- {Wikipedia}{,} The Free Encyclopedia},
  year         = {2024},
  howpublished = {\url{https://en.wikipedia.org/w/index.php?title=Maximum_cut&oldid=1247744814}},
  note         = {[Online; accessed 27-October-2024]}
}